@article{ouroboros,
  title={Ouroboros: A Provably Secure Proof-of-Stake Blockchain Protocol},
  author={Kiayias, Aggelos and Russell, Alexander and David, Bernardo and Oliynykov, Roman},
  year={2017}
}

@article{casper_ffg,
  author    = {Vitalik Buterin and
               Virgil Griffith},
  title     = {Casper the Friendly Finality Gadget},
  journal   = {CoRR},
  volume    = {abs/1710.09437},
  year      = {2017},
  url       = {http://arxiv.org/abs/1710.09437},
  archivePrefix = {arXiv},
  eprint    = {1710.09437},
  timestamp = {Thu, 02 Nov 2017 14:25:36 +0100},
  biburl    = {http://dblp.org/rec/bib/journals/corr/abs-1710-09437},
  bibsource = {dblp computer science bibliography, http://dblp.org}
}

@misc{pos_faq,
    author = {Vitalik Buterin},
    title = {Proof of Stake FAQ},
    howpublished = {\url{http://github.com/ethereum/wiki/wiki/Proof-of-Stake-FAQ}},
    note = {[abgerufen am 26.02.2018]}
  }

@article{bgp82,
  title={The Byzantine generals problem},
  author={Lamport, Leslie and Shostak, Robert and Pease, Marshall},
  journal={ACM Transactions on Programming Languages and Systems (TOPLAS)},
  volume={4},
  number={3},
  pages={382--401},
  year={1982},
  publisher={ACM}
}

@misc{bitcoin,
    author = {Satoshi Nakamoto},
    title = {Bitcoin: A Peer-to-Peer Electronic Cash System},
    howpublished = {\url{http://bitcoin.org/bitcoin.pdf}},
    year = {2008}
}

@misc{hashcash,
  title={Hashcash - A Denial of Service Counter-Measure},
  author={Back, Adam and others},
  year={2002}
}

@misc{nxt,
    author = {Come{-}from{-}Beyond [Sergey Ivancheglo] and others},
    title = {Nxt Whitepaper},
    howpublished = {\url{https://bravenewcoin.com/assets/Whitepapers/NxtWhitepaper-v122-rev4.pdf}},
    year = {2014}
}

@inproceedings{cwo_pow,
  title={Cryptocurrencies without Proof of Work},
  author={Bentov, Iddo and Gabizon, Ariel and Mizrahi, Alex},
  booktitle={International Conference on Financial Cryptography and Data Security},
  pages={142--157},
  year={2016},
  organization={Springer}
}

@inproceedings{btc_selfishmining,
  title={Majority is not enough: Bitcoin mining is vulnerable},
  author={Eyal, Ittay and Sirer, Emin G{\"u}n},
  booktitle={International conference on financial cryptography and data security},
  pages={436--454},
  year={2014},
  organization={Springer}
}

@inproceedings{mpc,
  title={Is Multiparty Computation Any Good In Practice?},
  author={Orlandi, Claudio},
  booktitle={Acoustics, Speech and Signal Processing (ICASSP), 2011 IEEE International Conference on},
  pages={5848--5851},
  year={2011},
  organization={IEEE}
}

@misc{casper_cbc,
  author    = {Vlad Zamfir},
  title     = {Casper the Friendly Ghost
A 'Correct-by-Construction' Blockchain Consensus Protocol},
  year      = {2017},
  howpublished= {\url{https://github.com/ethereum/research/tree/master/papers/CasperTFG}},
  timestamp = {Thu, 02 Nov 2017 14:25:36 +0100},
}

@article{tendermint,
  title={Tendermint: Consensus without Mining},
  author={Kwon, Jae},
  journal={Retrieved May},
  volume={18},
  pages={2017},
  year={2014}
}

@unpublished{pos_talk,
title= {Formal Barriers to Proof-of-Stake Protocols},
author = {Jonah Brown-Cohen et al},
year = {2018},
note= {Blockchain Protocol Analysis and Security Engineering 2018},
URL= {https://cyber.stanford.edu/bpase18},
}

@article{subversive_strategies,
  author    = {Nicolas T. Courtois and
               Lear Bahack},
  title     = {On Subversive Miner Strategies and Block Withholding Attack in Bitcoin
               Digital Currency},
  journal   = {CoRR},
  volume    = {abs/1402.1718},
  year      = {2014},
  url       = {http://arxiv.org/abs/1402.1718},
  archivePrefix = {arXiv},
  eprint    = {1402.1718},
  timestamp = {Wed, 07 Jun 2017 14:40:39 +0200},
  biburl    = {https://dblp.org/rec/bib/journals/corr/CourtoisB14},
  bibsource = {dblp computer science bibliography, https://dblp.org}
}